<record><leader>00000cas a22000007a 4500</leader><controlfield tag="001">40456603</controlfield><controlfield tag="008">981208d192919uuvtuwr ne      0    0eng c</controlfield><datafield ind1=" " ind2=" " tag="010"><subfield code="a">sn 98069104 </subfield></datafield><datafield ind1=" " ind2=" " tag="040"><subfield code="a">NVN</subfield><subfield code="b">eng</subfield><subfield code="c">NVN</subfield><subfield code="d">OCLCQ</subfield><subfield code="d">OCLCF</subfield><subfield code="d">OCLCO</subfield></datafield><datafield ind1="1" ind2=" " tag="029"><subfield code="a">AU@</subfield><subfield code="b">000014358384</subfield></datafield><datafield ind1=" " ind2=" " tag="042"><subfield code="a">pcc</subfield></datafield><datafield ind1=" " ind2=" " tag="043"><subfield code="a">n-us-vt</subfield></datafield><datafield ind1="0" ind2=" " tag="130"><subfield code="a">Cornerstone (Woodbury, Vt.)</subfield></datafield><datafield ind1="1" ind2="4" tag="245"><subfield code="a">The cornerstone.</subfield></datafield><datafield ind1=" " ind2=" " tag="260"><subfield code="a">Woodbury, Vt. :</subfield><subfield code="b">Methodist Episcopal Church</subfield></datafield><datafield ind1=" " ind2=" " tag="300"><subfield code="a">v.</subfield></datafield><datafield ind1=" " ind2=" " tag="310"><subfield code="a">Weekly</subfield></datafield><datafield ind1="1" ind2=" " tag="362"><subfield code="a">Began Jan. 27, 1929.</subfield></datafield><datafield ind1=" " ind2=" " tag="588"><subfield code="a">Description based on: Vol. 1, no. 3 (Feb. 10, 1929).</subfield></datafield><datafield ind1=" " ind2="0" tag="650"><subfield code="a">Religious newspapers and periodicals</subfield><subfield code="z">Vermont.</subfield></datafield><datafield ind1=" " ind2="0" tag="651"><subfield code="a">Washington County (Vt.)</subfield><subfield code="v">Newspapers.</subfield></datafield><datafield ind1=" " ind2="4" tag="651"><subfield code="a">Woodbury (Vt.)</subfield><subfield code="v">Newspapers.</subfield></datafield><datafield ind1=" " ind2="7" tag="655"><subfield code="a">Newspapers.</subfield><subfield code="2">fast</subfield><subfield code="0">(OCoLC)fst01423814</subfield></datafield><datafield ind1=" " ind2="7" tag="650"><subfield code="a">Religious newspapers and periodicals.</subfield><subfield code="2">fast</subfield><subfield code="0">(OCoLC)fst01094196</subfield></datafield><datafield ind1=" " ind2="7" tag="651"><subfield code="a">Vermont.</subfield><subfield code="2">fast</subfield><subfield code="0">(OCoLC)fst01204305</subfield></datafield><datafield ind1=" " ind2="7" tag="651"><subfield code="a">Vermont</subfield><subfield code="z">Washington County.</subfield><subfield code="2">fast</subfield><subfield code="0">(OCoLC)fst01221123</subfield></datafield><datafield ind1=" " ind2=" " tag="752"><subfield code="a">United States</subfield><subfield code="b">Vermont</subfield><subfield code="c">Washington</subfield><subfield code="d">Woodbury.</subfield></datafield></record>